<?xml version="1.0" encoding="UTF-8"?><collection xmlns="http://www.loc.gov/MARC21/slim"><record><leader>00472nam--2200157-i-4500</leader><controlfield tag="001">000030433</controlfield><controlfield tag="002">20161230</controlfield><controlfield tag="005">20170125143356</controlfield><controlfield tag="008">060222s1000------------r-----000-0-eng-d</controlfield><datafield ind1=" " ind2=" " tag="080"><subfield code="a">543.52:614.3(043)</subfield></datafield><datafield ind1=" " ind2=" " tag="100"><subfield code="a">Mafarat, Pierre</subfield></datafield><datafield ind1=" " ind2=" " tag="245"><subfield code="a">Etude d`une methode radiometrique rapide de detection des contaminations microbiennes dans la biere</subfield><subfield code="b">these</subfield></datafield><datafield ind1=" " ind2=" " tag="260"><subfield code="a">Nancy</subfield><subfield code="b">L`Universite De Nancy 1</subfield><subfield code="c">1975</subfield></datafield><datafield ind1=" " ind2=" " tag="300"><subfield code="a">58 p</subfield></datafield><datafield ind1=" " ind2=" " tag="852"><subfield code="a">43991</subfield></datafield><datafield ind1=" " ind2=" " tag="CAT"><subfield code="a">SYS</subfield><subfield code="c">20170125</subfield><subfield code="h">143356</subfield></datafield></record></collection>